@inproceedings{padoin2017ICCS,
  title={Using Power Demand and Residual Load Imbalance in the Load Balancing to Save Energy of Parallel Systems},
  author={Edson L. Padoin and Philippe O. A. Navaux and Jean-François Méhaut},
  booktitle={International Conference on Computational Science (ICCS)},
  address={Zurich, Switzerland},
  pages={1-8},
  year={2017}
}

@inproceedings{Kale:1993:CPC:165854.165874,
 author = {Kal{\'e}, Laxmikant V. and Krishnan, Sanjeev},
 title = {{CHARM++}: A Portable Concurrent Object Oriented System based on {C++}},
   booktitle = {Proceedings...},
  organization = {Annual Conference on Object-Oriented Programming Systems, Languages, and Applications (OOPSLA)},
 year = {1993},
 isbn = {0-89791-587-9},
 location = {Washington, USA},
 pages = {91--108},
 numpages = {18},
 publisher = {ACM}
} 


@inproceedings{menon2013distributed,
  title={A distributed dynamic load balancer for iterative applications},
  author={Menon, Harshitha and Kal{\'e}, Laxmikant},
    booktitle = {Proceedings...},
  organization={International Conference for High Performance Computing, Networking, Storage and Analysis (SC)},
  pages={15},
  year={2013},
    conference-location={Denver, CO},
  publisher={ACM}
}


@article{zheng2011periodic,
  title={Periodic hierarchical load balancing for large supercomputers},
  author={Zheng, Gengbin and Bhatel{\'e}, Abhinav and Meneses, Esteban and Kal{\'e}, Laxmikant V},
  journal={International Journal of High Performance Computing Applications},
  volume={25},
  number={4},
  pages={371--385},
  year={2011},
  publisher={SAGE Publications}
}



@inproceedings{arruda2015WSCAD,
	title={Proposta de Balanceamento de Carga para Redução de Migração de Processos em Ambientes Multiprogramados},
	author={Guilherme Arruda and Edson Luiz Padoin and Laércio Lima Pilla and Philippe Olivier Alexandre Navaux and Jean-Francois Mehaut},
	booktitle={XVI Simpósio de Sistemas Computacionais (WSCAD-WIC)},
	address={Florianópolis, SC},
	pages={1-8},
	year={2015}
}

@inproceedings{zheng2010,
	title={Hierarchical load balancing for Charm++ applications on large supercomputers},
	author={Zheng, Gengbin and Meneses, Esteban and Bhatele, Abhinav and Kale, Laxmikant V},
	booktitle={Parallel Processing Workshops (ICPPW), 2010 39th International Conference on},
	pages={436--444},
	year={2010},
	organization={IEEE}
}

@article{arruda2015balanceamento,
	title={Balanceamento de carga em sistemas multiprocessadores utilizando o modelo de programa{\c{c}}{\~a}o CHARM++},
	author={Arruda, Guilherme Henrique Schiefelbein},
	year={2015}
}


@article{pilla2015programaccao,
	title={Analise de desempenho da paralelização do problema de caixeiro viajante.},
	author={Pilla, La{\'e}rcio Lima and Meneses, Esteban},
	journal={XV Escola Regional de Alto Desempenho do Estado do Rio Grande do Sul, Gramado, RS, Brasil},
	year={2015}
}

@article{padoin2014balanceamento,
	title={Balanceamento de carga visando redu{\c{c}}ao do consumo de energia para o modelo de programa{\c{c}}ao charm++},
	author={Padoin, Edson Luis and Castro, M{\'a}rcio Bastos and Pilla, La{\'e}rcia Lima and Bozzetti, Tiago Covolan and Navaux, Philippe Olivier Alexandre and M{\'e}haut, Jean-Fran{\c{c}}ois},
	journal={XIV Escola Regional de Alto Desempenho do Estado do Rio Grande do Sul, Alegrete, RS, Brasil},
	year={2014}
}

@inproceedings{padoin2014saving,
	title={Saving energy by exploiting residual imbalances on iterative applications},
	author={Padoin, Edson L and Castro, M{\'a}rcio and Pilla, La{\'e}rcio L and Navaux, Philippe OA and M{\'E}haut, Jean-Fran{\c{c}}ois},
	booktitle={High Performance Computing (HiPC), 2014 21st International Conference on},
	pages={1--10},
	year={2014},
	organization={IEEE}
}


@inproceedings{jyothi2004debugging,
	title={Debugging support for Charm++},
	author={Jyothi, Rashmi and Lawlor, Orion Sky and Kal{\'e}, Laxmikant V},
	booktitle={Parallel and Distributed Processing Symposium, 2004. 18th International},
	pages={264},
	year={2004},
	organization={IEEE}
}

@article{padilha2016analise,
	title={AN{\'A}LISE DE DESEMPENHO DA APLICA{\c{C}}{\~A}O DE BALANCEAMENTO DE CARGA EM BENCHMARK SINT{\'E}TICOS},
	author={Padilha, Bruna Schneider and Padoin, Edson Luiz},
	journal={Sal{\~a}o do Conhecimento},
	volume={2},
	number={2},
	year={2016}
}

@article{freytaganalise,
	title={An{\'a}lise de Desempenho da Paraleliza{\c{c}} ao do Problema de Caixeiro Viajante},
	author={Freytag, Gabriel and Arruda, Guilherme and Martins, Rog{\'e}rio SM and Padoin, Edson L},
	year={2015}
}

@inproceedings{bhandarkar2001adaptive,
	title={Adaptive load balancing for MPI programs},
	author={Bhandarkar, Milind and Kal{\'e}, Laxmikant V and de Sturler, Eric and Hoeflinger, Jay},
	booktitle={International Conference on Computational Science},
	pages={108--117},
	year={2001},
	organization={Springer}
}

@article{phillips2005scalable,
	title={Scalable molecular dynamics with NAMD},
	author={Phillips, James C and Braun, Rosemary and Wang, Wei and Gumbart, James and Tajkhorshid, Emad and Villa, Elizabeth and Chipot, Christophe and Skeel, Robert D and Kale, Laxmikant and Schulten, Klaus},
	journal={Journal of computational chemistry},
	volume={26},
	number={16},
	pages={1781--1802},
	year={2005},
	publisher={Wiley Online Library}
}

@article{artigoSalao2017,
	title={An{\'a}lise de desempenho da aplica{\c{c}}{\~a}o de balanceamento de carga em sistemas multiprocessadores},
	author={Dos Santos, Vinicius Ribas Samuel and Padoin, Edson Luiz},
	journal={Sal{\~a}o do Conhecimento 2017 - Ijuí RS},
	volume={3},
	number={3},
	year={2017}
}

@article{viniciusWSCAD2017,
	title={Proposta de Balanceamento de Carga para Redu{\c{c}}{\~a}o do Tempo de Execu{\c{c}}{\~a}o de Aplica{\c{c}}{\~o}es em Ambientes Multiprocessados},
	author={Dos Santos, Vinicius Ribas Samuel and Machado, Ana K M and Padoin, Edson L and Navaux, Philippe O A, M{\'E}auth, Jean-Fran{\c{c}}ois},
	journal={XVIII Simpósio em Sistemas Computacionais de Alto Desempenho  (WSCAD-WIC)},
	year={2017}
}

@article{pilla2014topology,
	title={A topology-aware load balancing algorithm for clustered hierarchical multi-core machines},
	author={Pilla, La{\'e}rcio L and Ribeiro, Christiane P and Coucheney, Pierre and Broquedis, Fran{\c{c}}ois and Gaujal, Bruno and Navaux, Philippe OA and M{\'e}haut, Jean-Fran{\c{c}}ois},
	journal={Future Generation Computer Systems},
	volume={30},
	pages={191--201},
	year={2014},
	publisher={Elsevier}
}

@article{hendrickson2000dynamic,
	title={\textbf{Dynamic load balancing in computational mechanics}},
	author={Hendrickson, Bruce and Devine, Karen},
	journal={Computer methods in applied mechanics and engineering},
	volume={184},
	number={2},
	pages={485--500},
	year={2000},
	publisher={Elsevier}
}

@article{pinholanguage,
	title={A Language for Object-Oriented Parallel Programming Targeted at Cluster Computing Platforms},
	author={Pinho, Eduardo Gurgel and de Carvalho Junior, Francisco Heron},
	year={2010},
	journal={14th Brazilian Symposium on Programming Languages},
	publisher={SBC}	
}

@article{philippsen1997javaparty,
	title={JavaParty - Transparent Remote Objects in Java},
	author={Philippsen, Michael and Zenger, Matthias},
	journal={Concurrency Practice and Experience},
	volume={9},
	number={11},
	pages={1225--1242},
	year={1997},
	publisher={Chichester, Sussex: J. Wiley, c1989-c2000.}
}

@phdthesis{pinho2012linguagem,
	title={Uma linguagem de programa{\c{c}}{\~a}o paralela orientada a objetos para arquiteturas distribu{\'\i}das},
	author={Pinho, Eduardo Gurgel},
	year={2012}
}

@inproceedings{huang2003adaptive,
	title={Adaptive mpi},
	author={Huang, Chao and Lawlor, Orion and Kale, Laxmikant V},
	booktitle={International workshop on languages and compilers for parallel computing},
	pages={306--322},
	year={2003},
	organization={Springer}
}

@inproceedings{kale1993charm++,
	title={CHARM++: a portable concurrent object oriented system based on C++},
	author={Kale, Laxmikant V and Krishnan, Sanjeev},
	booktitle={ACM Sigplan Notices},
	volume={28},
	number={10},
	pages={91--108},
	year={1993},
	organization={ACM}
}

@article{kunzman2006charm++,
	title={Charm++, offload api, and the cell processor},
	author={Kunzman, David and Zhang, Gengbin and Bohm, Eric and Kale, Laxmikant V},
	journal={Urbana},
	volume={51},
	pages={61801},
	year={2006}
}

@article{pilla2015programaccao2,
	title={Programa{\c{c}}{\~a}o paralela em Charm++},
	author={Pilla, La{\'e}rcio Lima and Meneses, Esteban},
	journal={XV Escola Regional de Alto Desempenho do Estado do Rio Grande do Sul, Gramado, RS, Brasil},
	year={2015}
}

@article{kale1993parallel2,
	title={Parallel Programming With Charm: An Overview},
	author={Kale, L},
	journal={Dept. of Computer Science, University of Illinois at Urbana-Champaign, Tech. Rep},
	pages={93--8},
	year={1993}
}

@MISC{Kale95thecharm,
	author = {L.V. Kale and B. Ramkumar and A. B. Sinha and A. Gürsoy},
	title = {The Charm Parallel Programming Language and System: Part I - Description of Language Features},
	year = {1995}
}

@article{pillaNatalRN,
	title={Avalia{\c{c}} ao da Adequa{\c{c}} ao da Plataforma Charm++ para Arquiteturas Multicore com Mem{\'o}ria Hier{\'a}rquica},
	author={Pilla, La{\'e}rcio L and Ribeiro, Christiane P and Navaux, Philippe OA and M{\'e}haut, Jean-Fran{\c{c}}ois},
	journal={X Workshop em Desempenho de Sistemas Computacionais e de Comunica{\c{c}} ao, Natal, RN, Brasil},
	year={2011}
}

@inproceedings{acun2014parallel,
	title={Parallel programming with migratable objects: Charm++ in practice},
	author={Acun, Bilge and Gupta, Abhishek and Jain, Nikhil and Langer, Akhil and Menon, Harshitha and Mikida, Eric and Ni, Xiang and Robson, Michael and Sun, Yanhua and Totoni, Ehsan and others},
	booktitle={Proceedings of the International Conference for High Performance Computing, Networking, Storage and Analysis},
	pages={647--658},
	year={2014},
	organization={IEEE Press}
}

@misc{compileIMG,
	title = {Components of a Charm++ Program},
	howpublished = {\url{http://charmplusplus.org/tutorial/CharmComponents.html}},
	note = {Acessado em: 23/11/2017},
	year = {2017}
}

@article{torres2016,
	title={Um prot{\'o}tipo de algoritmo de balanceamento de carga guiado pelos pr{\'o}prios n{\'u}cleos},
	author={de Freitas, Vinicius Marino Calvo Torres and Pilla, La{\'e}rcio Lima},
	journal={ERAD-RS},
	year={2016}
	
}


